@online{onramp,
    author = "Ben Orenstein \& Chris Toomey",
    title = "Onramp to Vim",
    url  = "https://thoughtbot.com/upcase/onramp-to-vim",
    addendum = "(accessed: 30.10.2020)",
    keywords = "vi vim linux cheatsheet"
}
@online{onlinetut,
    title = "Interactive Vim tutorial",
    url  = "https://openvim.com/",
    addendum = "(accessed: 30.10.2020)",
    keywords = "vi vim online tutorial"
}
@online{vim_advanced,
    author = "Guckes",
    title = "Vim f√ºr Fortgeschrittene",
    url  = "http://www.guckes.net/talks/vim/vim_advanced.html",
    addendum = "(accessed: 02.11.2020)",
    keywords = "vi vim talk tutorial"
}
@online{vimref,
    author = "Bram Moolenaar",
    title = "Vim Reference Manual",
    url  = "https://vimhelp.org/quickref.txt.html#quickref",
    addendum = "(accessed: 02.11.2020)",
    keywords = "vi vim manual"
}
